<?xml version="1.0" encoding="UTF-8"?><collection xmlns="http://www.loc.gov/MARC21/slim"><record><leader>00367nam--2200121-i-4500</leader><controlfield tag="001">000037992</controlfield><controlfield tag="002">20161230</controlfield><controlfield tag="005">20161230201041</controlfield><controlfield tag="008">060222s1000------------r-----000-0-eng-d</controlfield><datafield ind1=" " ind2=" " tag="100"><subfield code="a">Raiss, Wilhelm</subfield></datafield><datafield ind1=" " ind2=" " tag="245"><subfield code="a">H.rietschels lehrbruch der heiz-und luftungstechnik.13 neubearbeitete auflage</subfield></datafield><datafield ind1=" " ind2=" " tag="260"><subfield code="a">Berlin, Springer-verlag, 1958. Xii + 568p. + 15 Planse</subfield></datafield><datafield ind1=" " ind2=" " tag="852"><subfield code="a">13432</subfield></datafield></record></collection>